@article{he2014spatial,
  title={Spatial pyramid pooling in deep convolutional networks for visual recognition},
  author={He, Kaiming and Zhang, Xiangyu and Ren, Shaoqing and Sun, Jian},
  journal={The 13th European Conference on Computer Vision (ECCV)},
  year={2014},
  publisher={Springer}
}

@article{sonka1998image,
  author={Sonka, Milan and Hlavac, Vaclav and Boyle, Roger},
  title={Image Processing, Analysis, and Machine Vision. 1999},
  journal={Champion \& Hall},
  pages={2--6},
  year={1998}
}

@article{lutwo,
  title={Two-Class Weather Classification},
  author={Lu, Cewu and Lin, Di and Jia, Jiaya and Tang, Chi-Keung},
  journal={IEEE Conference on Computer Vision and Pattern Recognition (CVPR)},
  year = {2014}
}

